@inproceedings{AgarwalWG11,
  author    = {Y. Agarwal and
               T. Weng and
               R. K. Gupta},
  title     = {Understanding the role of buildings in a smart microgrid},
  booktitle = {DATE},
  year      = {2011},
}

@BOOK{Henrion05,
title={Positive Polynomials in Control},
author={Henrion, D. and Garulli, A.},
publisher = {Springer},
year={2005},
}

@misc{buildup,
author = {BUILD UP: Energy solutions for better buildings},
howpublished = "\url{http://www.buildup.eu}",
}

@misc{cec,
author = {California Energy Comission},
title = {{CEC} End-Use Survey, {CEC}-400-2006-005},
howpublished = "\url{http://buildingsdatabook.eren.doe.gov}",
year={2006},
}

@misc{doe,
author = {DOE},
title = {Buildings Energy Data Book, Department of Energy},
howpublished = "\url{http://buildingsdatabook.eren.doe.gov}",
year={2009},
}

@ARTICLE{PEV,
  author = {Galus, M. D., Vaya, M. G., Krause, T. and Andersson, G.},
  title = {The role of electric vehicles in smart grids},
  journal = {Wiley Interdisciplinary Reviews: Energy and Environment},
  howpublished = "\url{http://dx.doi.org/10.1002/wene.56}",
  year = {2013},
}

@INPROCEEDINGS{PG,
  author = {Graichen K. and Kapernick B.},
  title = {A real time gradient method for nonlinear model predictive control},
  journal = {Frontiers of Model Predictive Control},
  year = {2012},
}

@article{Sagastizabal,
  author = {Sagastizabal, Claudia A.},
  journal = {Mathematical Programming},
  title = {Divide to conquer: decomposition methods for energy optimization.},
  howpublished = "\url{http://dblp.uni-trier.de/db/journals/mp/mp134.html#Sagastizabal12}",
  year = {2012},
  }

  @inproceedings{Low_dr,
    title = {Optimal demand response based on utility
    maximization in power networks},
    author = {N. Li and L. Chen and S. H. Low},
    year = {2011},
    booktitle = {IEEE Power \& Energy Society General Meeting},
}

@article{Andersson_LFC,
  author = {Galus, Matthias D. and Koch, Stephan and Andersson, GÃ¶ran},
  journal = {IEEE Transactions on Industrial Electronics},
  title = {Provision of Load Frequency Control by PHEVs, Controllable Loads, and a Cogeneration Unit.},
  howpublished = "\url{http://dblp.uni-trier.de/db/journals/tie/tie58.html#GalusKA11}",
  year = {2011},
}

  @article{Low_sdp,
    title = {Zero duality gap in optimal power flow problem},
    journal = {IEEE Transactions on Power Systems},
    author = {J. Lavaei and S. H. Low},
    year = {2012},
}

@article{Low_socp,
 author = {L. Gan and N. Li and U. Topcu and S.H. Low},
 title = {Exact convex relaxation for optimal power flow in distribution networks},
 journal = {SIGMETRICS Perform. Eval. Rev.},
 howpublished = "\url{http://doi.acm.org/10.1145/2494232.2465535}",
 year = {2013},
} 

@article{Chertcov_socp,
  author    = {D. Bienstock and
               M. Chertkov and
               S. Harnett},
  title     = {Chance Constrained Optimal Power Flow: Risk-Aware Network
               Control under Uncertainty},
  journal   = {CoRR},
  year      = {2012},
  howpublished = "\url{http://arxiv.org/abs/1209.5779}",
}

@article{Ferrari_PnP,
  author    = {S. Riverso and
               M. Farina and
               G. Ferrari-Trecate},
  title     = {Plug-and-Play Decentralized Model Predictive Control},
  journal   = {CoRR},
  year      = {2013},
  url      = {http://arxiv.org/abs/1302.0226},
}

@inproceedings{stoustr_PnP,
  author    = {J. D. Bendtsen and
               K. Trangbaek and
               J. Stoustrup},
  title     = {Hierarchical model predictive control for resource distribution},
  booktitle = {CDC},
  year      = {2010},
  url       = {http://dx.doi.org/10.1109/CDC.2010.5717038},
}

@InProceedings{colin_distr_synth,
   affiliation = {EPFL},
   author      = {C. Conte and N. Voellmy and M.N. Zeilinger and M. Morariand C. Jones},
   booktitle   = {American {C}ontrol {C}onference},
   title       = {Distributed {S}ynthesis and {C}ontrol of {C}onstrained {L}inear {S}ystems},
   year        = 2012
}

@article{calafiore_rcp,
author    = {G.C. Calafiore},
title     = {Random convex programs},
  journal   = {SIAM J. Optim.},
  year      = {2010},
}

@inproceedings{rcp_distr,
    title = {A Distributed Algorithm for Random Convex Programming},
    author = {L. Carlone and V. Srivastava and F. Bullo and C.G. Calafiore},
    booktitle = {NetGCOOP},
    year = {2011}
    }

@article{Hestenes,
  author    = {R.M. Hestenes},
  title     = {Multiplier and Gradient Methods},
  journal   = {Journal of Optimization Theory and Applications},
  year      = {1969},
}

@article{Powell,
  author    = {L. Popov},
  title     = {{A Modification of the Arrow-Hurwicz Method for Search of Saddle Points},
  journal   = {Mathematical Notes},
  year      = {1980},
}

@article{GloMar,
  author    = {R. Glowinski and A. Marrocco},
  title     = {{A Modification of the Arrow-Hurwicz Method for Search of Saddle Points}},
  year      = {1975},
}

@article{GaMe,
  author    = {D. Gabay and B. Mercier},
  title     = {A dual algorithm for the solution of nonlinear variational problems via finite-element approximations},
  journal   = {Comp. Math. Appl.},
  year      = {1976},
}

@article{AH,
  author    = {K. J. Arrow, L. Hurwicz, and H. Uzawa},
  title     = {Studies in linear and non-linear programming},
  journal   = {Stanford University Press},
  year      = {1958},
}

@article{DR,
  author    = {J. Douglas and H. H. Rachford},
  title     = {On the Numerical Solution of Heat Conduction Problems in Two and Three Space Variables},
  journal   = {Comp. Math. Appl.},
  year      = {1956},
}

@book{esser,
  title={Primal Dual Algorithms for Convex Models and Applications to Image Restoration, Registration and Nonlocal Inpainting},
  author={Esser, J.E.},
  url={http://books.google.ch/books?id=EVkHcgAACAAJ},
  year={2010}
}

@article{ama,
  author    = {P. Tseng},
  title     = {Applications of splitting algorithm to decomposition in convex programming and variational inequalities},
  journal   = {SIAM J. Control Optim.},
  year      = {1991},
}

@article{siu,
  author    = {X. Zhang, M. Burger, and S. Osher},
  title     = {{A Unified Primal-Dual Algorithm Framework Based on Bregman Iteration}},
  journal   = {Journal of Scientific Computing},
  year      = {2011},
}

@article{chamb,
  author    = {A. Chambolle, and T. Pock},
  title     = {A First-Order Primal-Dual Algorithm for Convex Problems with Applications to Imaging},
  journal   = {Journal of Mathematical Imaging and Vision},
  year      = {2011},
}

@misc{pdhg,
author = {M. Zhu, T. Chan},
title = {An efficient primal-dual hybrid gradient algorithm for total variation image restoration},
howpublished = {UCLA CAM Report},
year={2008},
}

@article{soc,
  author    = {B. O'Donoghue, and G. Stathopoulos, and S. Boyd},
  title     = {A splitting method for optimal control},
  journal   = {IEEE Transactions on Control Systems Technology},
  year      = {2012},
}

@article{nest83,
  author    = {Yu. Nesterov},
  title     = {A method for solving the convex programming problem with convergence rate $O(1/k^2)$},
  journal   = {Dokl. Akad. Nouk SSSR},
  year      = {1983},
}

@book{nestbook,
  title={Introductory lectures on convex optimization: A basic course},
  author={Yu. Nesterov},
  year={2004}
}

@article{fista,
  author    = {A. Beck and M. Teboulle},
  title     = {A fast iterative shrinkage-thresholding algorithm for linear inverse problems},
  journal   = {SIAM J. Imaging Sci.},
  year      = {2009},
}

@article{guler,
  author    = {O. G\"{u}ler},
  title     = {Applications of splitting algorithm to decomposition in convex programming and variational inequalities},
  journal   = {SIAM Journal on Optimization},
  year      = {1992},
}

@article{adarestart,
    author = {B. O'Donoghue, and E.J. Candes},
    eprint = {1204.3982v1},
    journal = {arXiv.org},
    title = {{Adaptive Restart for Accelerated Gradient Schemes}},
    url = {http://arxiv.org/abs/1204.3982v1},
    year = {2012}
}

@article{goldstein2014fast,
  title={Fast alternating direction optimization methods},
  author={Goldstein, Tom and O'Donoghue, Brendan and Setzer, Simon and Baraniuk, Richard},
  journal={SIAM Journal on Imaging Sciences},
  volume={7},
  number={3},
  pages={1588--1623},
  year={2014},
  publisher={Society for Industrial and Applied Mathematics}
}

@InProceedings {smpcbuild,
    author={F. Oldewurtel, A. Parisio, C.N. Jones, M. Morari and D.
    Gyalistras, M. Gwerder, V. Stauch, B. Lehmann and K. Wirth},
    title={{Energy Efficient Building Climate Control using Stochastic
    Model Predictive Control and Weather Predictions}},
    booktitle={American Control Conference},
    year={2010}
}

@article{opf_batteries,
  author = {D. Gayme and U. Topcu},
  title = {Optimal power flow with large-scale storage integration},
  journal = {IEEE Transactions on Power Systems},
  year = {2012},
  url = {http://www.seas.upenn.edu/~utopcu/pubs/GT-tps12.pdf}
}

@article{nature,
    author = {Y-Y. Liu and J-J. Slotine and A-L. Barabasi},
    journal = {Nature},
    title = {{Controllability of complex networks}},
    url = {http://dx.doi.org/10.1038/nature10011},
    year = {2011}
}

@InProceedings { opt_place,
    author={T.H. Summers and J. Lygeros},
    title={{Optimal Sensor and Actuator Placement in Complex Dynamical
    Networks}},
    booktitle={IEEE Conference on Decision and Control},
    year={2013},
    url={http://control.ee.ethz.ch/index.cgi?page=publications;action=details;id=4397}
}

@ARTICLE{sparse_admm,
AUTHOR = {F. Lin and M. Fardad and M. R. Jovanovi\'c},
JOURNAL = {IEEE Trans. Automat. Control},
TITLE = {Design of optimal sparse feedback gains via the alternating direction method of multipliers},
YEAR = {2013},
PDF = {http://arxiv.org/abs/1111.6188} 
}

@article{Nesterov:smoothing,
 author = {Yu. Nesterov},
 title = {Smooth minimization of non-smooth functions},
 journal = {Math. Program.},
 year = {2005},
} 

@book{richter,
  title={Computational complexity certification of gradient methods for real-time model predictive control},
  author={S. Richter},
  year={2012}
}

@InProceedings {soft,
    author={M.N. Zeilinger, and C.N. Jones and M. Morari},
    title={{Robust stability properties of soft constrained MPC}},
    booktitle={IEEE Conference on Decision and Control},
    year={2010}
}

@article{admm_opf,
  author    = {Emiliano Dall'Anese and
               Hao Zhu and
               Georgios B. Giannakis},
  title     = {Distributed Optimal Power Flow for Smart Microgrids},
  journal   = {IEEE Trans. Smart Grid},
  year      = {2013},
}

@article{mhe1,
  author    = {C. Rao, J. Rawlins, and D. Mayne},
  title     = {Constrained state estimation for nonlinear discrete-time systems: Stability and moving horizon approximations},
  journal   = {IEEE TAC},
  year      = {2003},
}

@misc{mhe2,
author = {H. Sandberg},
title = {CDS 270-2: Lecture 4-2 Moving Horizon Estimation},
year={2006},
}

@article{tracking,
  author    = {D. Limon, I. Alvarado, T.Alamo and E.F. Camacho},
  title     = {MPC for tracking of piece-wise constant references for constrained linear systems},
  journal   = {Automatica},
  year      = {2008},
}

@article{robust,
  author    = {P. Goulart, E.C. Kerrigan and J.M. Maciejowski},
  title     = {Optimization over state feedback policies for robust control with constraints},
  journal   = {Automatica},
  year      = {2005},
}

@article{planetary_landing,
  author = {AÃ§ikmese, Ahmet BehÃ§et and Blackmore, Lars},
  journal = {Automatica},
  title = {Lossless convexification of a class of optimal control problems with non-convex control constraints.},
  year      = {2011},
}

@article{admm_distr_stats,
 author = {Boyd, Stephen and Parikh, Neal and Chu, Eric and Peleato, Borja and Eckstein, Jonathan},
 title = {Distributed Optimization and Statistical Learning via the Alternating Direction Method of Multipliers},
 journal = {Found. Trends Mach. Learn.},
 year = {2011},
} 

@book{Bertsekas_pdc,
 author = {Bertsekas, Dimitri P. and Tsitsiklis, John N.},
 title = {Parallel and Distributed Computation: Numerical Methods},
 year = {1989},
 publisher = {Prentice-Hall, Inc.},
} 

@article{Eckstein_dr,
 author = {Eckstein, Jonathan and Bertsekas, Dimitri P.},
 title = {{On the Douglas-Rachford Splitting Method and the Proximal Point Algorithm for Maximal Monotone Operators}},
 journal = {Mathematical Programming},
 year = {1992},
} 

@incollection{combettes2011proximal,
  title={Proximal splitting methods in signal processing},
  author={Combettes, Patrick L and Pesquet, Jean-Christophe},
  booktitle={Fixed-point algorithms for inverse problems in science and engineering},
  pages={185--212},
  year={2011},
  publisher={Springer New York}
}

@book{bauschke2011convex,
  title={{Convex analysis and monotone operator theory in Hilbert spaces}},
  author={Bauschke, Heinz H and Combettes, Patrick L.},
  year={2011},
  publisher={Springer Science+ Business Media}
}

@article{aybat2012first,
  title={{A first-order augmented Lagrangian method for compressed sensing}},
  author={Aybat, Necdet Serhat and Iyengar, Garud},
  journal={SIAM Journal on Optimization},
  year={2012},
}

@article{aybat2011first,
  title={A first-order smoothed penalty method for compressed sensing},
  author={Aybat, NS and Iyengar, G},
  journal={SIAM Journal on Optimization},
  year={2011},
  publisher={SIAM}
}

@article{Danz_Wolfe,
    author = {Dantzig, G. B. and Wolfe, P.},
    journal = {Operations Research},
    title = {{Decomposition Principle for Linear Programs}},
    year = {1960}
}

@article{Everett_63,
    author = {Everett, Hugh},
    journal = {Operations Research},
    title = {{Generalized Lagrange Multiplier Method for Solving Problems of Optimum Allocation of Resources}},
    year = {1963}
}

@book{Shor:1985:MMN:3585,
 author = {Shor, N. Z. and Kiwiel, Krzysztof C. and Ruszcay\`{n}ski, Andrzej},
 title = {Minimization Methods for Non-differentiable Functions},
 year = {1985},
 publisher = {Springer-Verlag New York, Inc.},
} 

@book{Bertsekas_nnp,
    author = {Bertsekas, Dimitri P},
    publisher = {Athena Scientific},
    title = {{Nonlinear Programming}},
    year = {1999}
}

@book{Bertsekas_AL,
  author = {Bertsekas, Dimitri P.},
  publisher = {Athena Scientific},
  title = {{Constrained Optimization and Lagrange Multiplier Methods (Optimization and Neural Computation Series)}},
  year = {1996}
}

@article{Rockafellar_ppa,
    author = {Rockafellar, R. Tyrrell},
    journal = {SIAM J. on Control and Optimization},
    title = {{Monotone Operators and the Proximal Point Algorithm}},
    year = {1976}
}


@article{prox_admm,
    author = {Rockafellar, R. T.},
    journal = {Mathematics of Operations Research},
    title = {{Augmented Lagrangians and Applications of the Proximal Point Algorithm in Convex Programming}},
    url = {http://dx.doi.org/10.2307/3689277},
    year = {1976}
}

@article{Attouch_padmm,
author="Attouch, Hedy and Bolte, J\'er\^ome and Redont, Patrick and Soubeyran,
    Antoine",
title="{Alternating proximal algorithms for weakly coupled convex minimization
    problems. Applications to dynamical games and PDE's.}",
journal="J. Convex Anal. ",
year="2008",
}

@article{Teboulle_L-PMM,
  author = {Chen, Gong and Teboulle, Marc},
  journal = {Math. Program.},
  title = {A proximal-based decomposition method for convex minimization problems.},
  year = {1994}
}

@article{condat2011primal,
  title={{A primal-dual splitting method for convex optimization involving Lipschitzian, proximable and linear composite terms}},
  author={Condat, Laurent},
  year={2011}
}

@misc{FiOrdOs,
author = {Ullmann, E.},
title = {{A Matlab toolbox for C-code generation for first order methods}},
howpublished = "Master's thesis, ETH Zurich",
year={2011},
}

@inproceedings{FORCES,
  author = {Domahidi, Alexander and Zgraggen, Aldo U. and Zeilinger, Melanie Nicole and Morari, Manfred and Jones, Colin Neil},
  booktitle = {CDC},
  title = {Efficient interior point methods for multistage problems arising in receding horizon control.},
  year = 2012
}

@article{CVXGEN,
    author = {Mattingley, Jacob and Boyd, Stephen},
    journal = {Optimization and Engineering},
    title = {{CVXGEN: a code generator for embedded convex optimization}},
    year = {2012}
}

@article{qpOASES,
    author = {Ferreau, H. J. and Bock, H. G. and Diehl, M.},
    journal = {International Journal of Robust and Nonlinear Control},
    title = {{An online active set strategy to overcome the limitations of explicit MPC}},
    year = {2008}
}

@article{shefi2014rate,
  title={{Rate of Convergence Analysis of Decomposition Methods Based on the Proximal Method of Multipliers for Convex Minimization}},
  author={Shefi, Ron and Teboulle, Marc},
  journal={SIAM Journal on Optimization},
  year={2014},
  publisher={Society for Industrial and Applied Mathematics}
}

@article{deng2012global,
  title={On the Global and Linear Convergence of the Generalized Alternating Direction Method of Multipliers},
  author={Deng, Wei and Yin, Wotao},
  journal={Rice CAAM technical report TR12-14},
  year={2012}
}

@book{Glowinski_Tallec,
 title={{Augmented Lagrangian And Operator-splitting Methods In Nonlinear Mechanics}},
 author={R Glowinski and Patrick Le Tallec},
 year={1989},
 publisher={Society for Industrial and Applied Mathematics},
}

@article{HeY12,
  author    = {Bingsheng He and
               Xiaoming Yuan},
  title     = {{On the $O(1/n)$ Convergence Rate of the Douglas-Rachford Alternating
               Direction Method}},
  journal   = {SIAM J. Numerical Analysis},
  year      = {2012},
}


@book{cvxbook,
 author = {S.P. Boyd, and L. Vandenberghe},
 title = {Convex Optimization},
 year = {2004},
 publisher = {Cambridge University Press},
} 

@MISC{Chen13thedirect,
    author = {Caihua Chen and Bingsheng He and Yinyu Ye and Xiaoming Yuan},
    title = {{The Direct Extension of ADMM for Multi-block Convex Minimization Problems is Not Necessarily Convergent}},
    year = {2013}
}

@MISC{CP_PLC,
    author = {D. K. M. Kufoalor, and S. Richter, and L. Imsland, and T. A. Johansen, and M. Morari, and G. O. Eikrem},
    title = {Embedded Model Predictive Control on a PLC Using a Primal-Dual
    First-Order Method for a Subsea Separation Process},
    year = {}
}

@MISC{Boley_locallinear,
    author = {Daniel Boley},
    title = {Local Linear Convergence of ADMM on Quadratic or Linear Programs},
    year = {}
}

@MISC{linear_multi_admm,
    author = {Mingyi Hong, Zhi-Quan Luo},
    title = {On the Linear Convergence of the Alternating Direction Method of Multipliers},
    year = {2012}
}

@article{ghadimi2013optimal,
  title={{Optimal parameter selection for the alternating direction method of multipliers (ADMM): quadratic problems}},
  author={Ghadimi, Euhanna and Teixeira, Andr{\'e} and Shames, Iman and Johansson, Mikael},
  journal={arXiv preprint arXiv:1306.2454},
  year={2013}
}

@Article {B747,
    author={E.N. Hartley and J.L. Jerez and A. Suardi and Jan M. Maciejowski and E.C. Kerrigan and G. Constantinides},
    title={{Predictive Control using an FPGA with Application to
    Aircraft Control}},
    journal={IEEE Transactions on Control Systems Technology},
    year={2013},
}

@article{beck2014fast,
  title={A fast dual proximal gradient algorithm for convex minimization and applications},
  author={Beck, Amir and Teboulle, Marc},
  journal={Operations Research Letters},
  year={2014},
}

@article{goldstein2013adaptive,
  title={Adaptive Primal-Dual Hybrid Gradient Methods for Saddle-Point Problems},
  author={Goldstein, Tom and Esser, Ernie and Baraniuk, Richard},
  journal={arXiv preprint arXiv:1305.0546},
  year={2013}
}

@article{Esser:pdhg,
 author = {Esser, Ernie and Zhang, Xiaoqun and Chan, Tony F.},
 title = {A General Framework for a Class of First Order Primal-Dual Algorithms for Convex Optimization in Imaging Science},
 journal = {SIAM J. Img. Sci.},
 year = {2010},
} 

@article{zhu2008efficient,
    author = {Zhu, M. and Chan, T.},
    journal = {UCLA CAM Report},
    title = {{An efficient primal-dual hybrid gradient algorithm for total variation image restoration}},
    year = {2008}
}


@article{parikh2014proximal,
  title={Proximal Algorithms},
  author={Parikh, Neal and Boyd, Stephen},
  journal={Foundations and Trends in Optimization},
  year={2014},
}


@TECHREPORT{Ruiz01ascaling,
    author = {Daniel Ruiz},
    title = { A Scaling Algorithm to Equilibrate Both Rows and Columns Norms in Matrices},
    institution = {},
    year = {2001}
}

@article{PDOS,
  title={{A Primal-Dual Operator Splitting Method for Conic Optimization}},
  author={Chu, Eric and OâDonoghue, Brendan and Parikh, Neal and Boyd, Stephen},
  year={2013}
}


@book{rockafellar1970convex,
  title={{Convex Analysis}},
  author={Rockafellar, R.T.},
  year={1970},
  publisher={Princeton University Press}
}

@article{Moreau,
    author = {Moreau, J. J.},
    journal = {Comptes Rendus de l'Acad\'{e}mie des Sciences (Paris), S\'{e}rie A},
    title = {{Fonctions convexes duales et points proximaux dans un espace
hilbertien.}},
    volume = {255},
    year = {1962}
}

@article{VMADMM,
author = {Bing Sheng HE,Sheng Li WANG,Hai YANG},
title = {A MODIFIED VARIABLE-PENALTY ALTERNATING DIRECTIONS METHOD FOR MONOTONE VARIATIONAL INEQUALITIES},
year = {2003},
journal = {Journal of Computational Mathematics},                                                                                                }
}    

@misc{VM_fadili,
author = {Fadili, J.},
title = {Variable Metric Monotone Operator Splitting},
howpublished = "\url{http://www.math.u-bordeaux1.fr/~jaujol/conf2012/slide/Fadili.pdf}",
year={},
}

@incollection{quasi_newton,
title ={A quasi-{N}ewton proximal splitting method},
author={Stephen Becker and Jalal Fadili},
booktitle = {Advances in Neural Information Processing Systems 25},
year = {2012},
}

@article{Giselsson:fbds,
  title={Metric Selection in Fast Dual Forward Backward Splittingâ},
  author={Giselsson, Pontus and Boyd, Stephen},
  journal={Automatica},
  year={2014}
}

@Article { RicJon:2013:IFA_3921,
    author={S. Richter and C. Jones and M. Morari},
    title={{Certification Aspects of the Fast Gradient Method for
    Solving the Dual of Parametric Convex Programs}},
    journal={Mathematical Methods of Operations Research},
    year={2013},
}

@article{GoldsteinO09,
  author = {Goldstein, Tom and Osher, Stanley},
  journal = {SIAM J. Imaging Sciences},
  title = {The Split Bregman Method for L1-Regularized Problems.},
  year = 2009
}

@article{bot2013convergence,
  title={On the convergence rate improvement of a primal-dual splitting algorithm for solving monotone inclusion problems},
  author={Bot, Radu Ioan and Csetnek, Ern{\"o} Robert and Heinrich, Andre},
  journal={arXiv preprint arXiv:1303.2875},
  year={2013}
}

@article{HeY12:pdhg,
  author = {He, Bingsheng and Yuan, Xiaoming},
  journal = {SIAM J. Imaging Sciences},
  title = {{Convergence Analysis of Primal-Dual Algorithms for a Saddle-Point Problem: From Contraction Perspective.}},
  year = 2012
}

@ARTICLE{Xu96asimplified,
    author = {Xiaojie Xu and Pi-fang Hung and Yinyu Ye},
    title = {A simplified homogeneous and self-dual linear programming algorithm and its implementation},
    journal = {Annals of Operations Research},
    year = {1996}
}

@article{ye1994nl,
  title={An $O(\sqrt{nL})$-iteration homogeneous and self-dual linear programming algorithm},
  author={Ye, Yinyu and Todd, Michael J and Mizuno, Shinji},
  journal={Mathematics of Operations Research},
  year={1994},
}


@inproceedings{SD_tucker,
  author    ={Goldman, A.J. and Tucker, A.W.},
  title     ={{Polyhedral convex cones}},
  booktitle = {{Linear Inequalities and Related Systems}},
  year      = {1956},
  publisher = {{Princeton university Press}},
}

@article{o2013operator,
  title={Operator splitting for conic optimization via homogeneous self-dual embedding},
  author={O'Donoghue, Brendan and Chu, Eric and Parikh, Neal and Boyd, Stephen},
  journal={arXiv preprint arXiv:1312.3039},
  year={2013}
}

@ARTICLE{He:adapt_admm,
    author = {B.S. He and H. Yang and S.L. Wang},
    title = {Alternating direction method with self-adaptive penalty parameters for monotone variational inequalities},
    journal = {Journal of Optimization Theory and Applications},
    year = {2000}
}


@book{nocedal2006numerical,
  title={Numerical Optimization (2nd edition)},
  author={Nocedal, Jorge and Wright, Stephen J},
  year={2006},
  publisher={Springer}
}


@inproceedings{Raghunathan2014jun3,
  author = {Raghunathan, A.U. and {Di Cairano}, S.},
  title = {Optimal Step-Size Selection in Alternating Direction Method of Multipliers for Convex Quadratic Programs and Model Predictive Control},
  booktitle = {International Symposium on Mathematical Theory of Networks and Systems (MTNS)},
  year = 2014,
  pages = {807--814},
  month = jun,
  isbn = {978-90-367-6321-9},
  url = {http://www.merl.com/publications/TR2014-070}
}


@article{giselsson2014metric,
  title={{Diagonal scaling in Douglas-Rachford splitting and ADMM}},
  author={Giselsson, Pontus and Boyd, Stephen},
  journal={53rd IEEE Conference on Decision and Control},
  year={2014}
}


@book{opac-b1091338,
   title = "Problem complexity and method efficiency in optimization",
   author = "NemirovskiÄ­, ArkadiÄ­ and ï¸¡Iï¸ Udin, David Borisovich",
   series = "Wiley-Interscience series in discrete mathematics",
   publisher = "Wiley",
   address = "Chichester, New York",
   url = "http://opac.inria.fr/record=b1091338",
   isbn = "0-471-10345-4",
   note = "A Wiley-Interscience publication.",
   year = 1983
}

@article{Polyak19641,
title = "Some methods of speeding up the convergence of iteration methods ",
journal = {{USSR Computational Mathematics and Mathematical Physics }},
volume = "4",
number = "5",
pages = "1 - 17",
year = "1964",
author = "B.T. Polyak"
}

@article{Guler:1991:CPP:104219.104233,
 author = {G\"{u}ler, Osman},
 title = {On the Convergence of the Proximal Point Algorithm for Convex Minimization},
 journal = {SIAM J. Control Optim.},
 volume = {29},
 number = {2},
 month = feb,
 year = {1991},
 pages = {403--419}
} 

@misc{nesterov2007gradient,
  title={Gradient methods for minimizing composite objective function},
  author={Nesterov, Yurii and others},
  year={2007},
  publisher={Core}
}

@article{combettes2012primal,
  title={Primal-dual splitting algorithm for solving inclusions with mixtures of composite, Lipschitzian, and parallel-sum type monotone operators},
  author={Combettes, Patrick L and Pesquet, Jean-Christophe},
  journal={Set-Valued and variational analysis},
  volume={20},
  number={2},
  pages={307--330},
  year={2012},
  publisher={Springer Netherlands}
}

@article{pda_vu,
author="V\~u, B\u{a}ng C\^ong",
title="{A splitting algorithm for dual monotone inclusions involving cocoercive
    operators.}",
journal="Adv. Comput. Math. ",
volume="38",
number="3",
pages="667-681",
year="2013"
}

@inproceedings{pock2011diagonal,
  title={Diagonal preconditioning for first order primal-dual algorithms in convex optimization},
  author={Pock, Thomas and Chambolle, Antonin},
  booktitle={Computer Vision (ICCV), 2011 IEEE International Conference on},
  pages={1762--1769},
  year={2011},
  organization={IEEE}
}

@article{he2012convergence,
  title={Convergence analysis of primal-dual algorithms for a saddle-point problem: from contraction perspective},
  author={He, Bingsheng and Yuan, Xiaoming},
  journal={SIAM Journal on Imaging Sciences},
  volume={5},
  number={1},
  pages={119--149},
  year={2012},
  publisher={Society for Industrial and Applied Mathematics}
}

@article{pogs,
  title={Parameter Selection and Pre-Conditioning for a Graph Form Solver},
  author={Fougner, Christopher and Boyd, Stephen},
  journal={arXiv preprint arXiv:1503.08366},
  year={2015}
}

@misc{Equilibration1,
author = {Bradley, A.M.},
title = {{Algorithms for the Equilibration of Matrices and Their Application to Limited-Memory Quasi-Newton Methods,}},
howpublished = "PhD thesis, Stanford ICME",
year={2010},
}

@article{sinkhorn1967,
author = "Sinkhorn, R. and Knopp, P.",
fjournal = "Pacific Journal of Mathematics",
journal = "Pacific J. Math.",
number = "2",
pages = "343--348",
publisher = "Pacific Journal of Mathematics, A Non-profit Corporation",
title = "Concerning nonnegative matrices and doubly stochastic matrices.",
url = "http://projecteuclid.org/euclid.pjm/1102992505",
volume = "21",
year = "1967"
}

@article{fasta,
  title={A Field Guide to Forward-Backward Splitting with a FASTA Implementation},
  author={Goldstein, Tom and Studer, Christoph and Baraniuk, Richard},
  journal={arXiv preprint arXiv:1411.3406},
  year={2015}
}

@article{combettes2014variable,
  title={Variable metric forward--backward splitting with applications to monotone inclusions in duality},
  author={Combettes, Patrick L and V{\~u}, B{\u{a}}ng C},
  journal={Optimization},
  volume={63},
  number={9},
  pages={1289--1318},
  year={2014},
  publisher={Taylor \& Francis Group}
}

@article{necoara2015duquad,
  title={DuQuad: an inexact (augmented) dual first order algorithm for quadratic programming},
  author={Necoara, Ion and Patrascu, Andrei},
  journal={arXiv preprint arXiv:1504.05708},
  year={2015}
}

@article{boyd2007notes,
  title={Notes on decomposition methods},
  author={Boyd, Stephen and Xiao, Lin and Mutapcic, Almir and Mattingley, Jacob},
  journal={Notes for EE364B, Stanford University},
  year={2007}
}

@article{patrinos2014accelerated,
  title={An accelerated dual gradient-projection algorithm for embedded linear model predictive control},
  author={Patrinos, Panagiotis and Bemporad, Alberto},
  journal={Automatic Control, IEEE Transactions on},
  volume={59},
  number={1},
  pages={18--33},
  year={2014},
  publisher={IEEE}
}

@misc{EE_236C,
author = {Vandenberghe, L.},
title = {{Optimization methods for large-scale systems}},
howpublished = "UCLA EE 236C lecture notes",
year={2010},
}

@inproceedings{combettes2014forward,
  title={A forward-backward view of some primal-dual optimization methods in image recovery},
  author={Combettes, Patrick Louis and Condat, Laurent and Pesquet, J-C and Vu, Bang Cong},
  booktitle={Image Processing (ICIP), 2014 IEEE International Conference on},
  pages={4141--4145},
  year={2014},
  organization={IEEE}
}

@article{necoara2008application,
  title={Application of a smoothing technique to decomposition in convex optimization},
  author={Necoara, Ion and Suykens, Johan AK},
  journal={Automatic Control, IEEE Transactions on},
  volume={53},
  number={11},
  pages={2674--2679},
  year={2008},
  publisher={IEEE}
}

@article{beck2012smoothing,
  title={Smoothing and first order methods: A unified framework},
  author={Beck, Amir and Teboulle, Marc},
  journal={SIAM Journal on Optimization},
  volume={22},
  number={2},
  pages={557--580},
  year={2012},
  publisher={Society for Industrial and Applied Mathematics}
}

@incollection{Powe69a,
    author = {Powell, M. J. D.},
    booktitle = {Optimization},
    editor = {Fletcher, R.},
    pages = {283--298},
    posted-at = {2010-03-25 06:09:31},
    priority = {2},
    publisher = {Academic Press},
    title = {{A method for nonlinear constraints in minimization problems}},
    url = {http://www.ams.org/mathscinet-getitem?mr=42:7284},
    year = {1969}
}

@inproceedings{raghunathan2014infeasibility,
  title={Infeasibility detection in alternating direction method of multipliers for convex quadratic programs},
  author={Raghunathan, A. U. and Di Cairano, S.},
  booktitle={Decision and Control (CDC), 2014 IEEE 53rd Annual Conference on},
  pages={5819--5824},
  year={2014},
  organization={IEEE}
}

@article{Guer:1992,
author={O. GuÌler},
title={{New proximal point algorithms for convex minimization}}
journal={SIAM Journal on Optimization}
volume={2}
pages={649}
year={1992}
} 

@article{tseng2008accelerated,
    author = {Tseng, P.},
    citeulike-article-id = {6604666},
    journal = {submitted to SIAM Journal on Optimization},
    keywords = {file-import-10-01-29},
    posted-at = {2010-01-29 17:24:26},
    priority = {2},
    title = {{On accelerated proximal gradient methods for convex-concave optimization}},
    year = {2008}
}

@INPROCEEDINGS{7040179,
author={Giselsson, P. and Boyd, S.},
booktitle={Decision and Control (CDC), 2014 IEEE 53rd Annual Conference on},
title={Monotonicity and restart in fast gradient methods},
year={2014},
month={Dec},
pages={5058-5063},
keywords={convergence of numerical methods;gradient methods;convergence rate;fast gradient methods;nonmonotone algorithms;oscillations;restart;Algorithm design and analysis;Convergence;Gradient methods;Prediction algorithms;Predictive control;Tin},
doi={10.1109/CDC.2014.7040179},}

@inproceedings{nishihara2015general,
  title={A General Analysis of the Convergence of {ADMM}},
  author={Robert Nishihara and Laurent Lessard and Benjamin Recht and Andrew Packard and Michael I. Jordan},
  booktitle={International Conference on Machine Learning 32},
  year={2015}
}

@misc{proxMatlab,
author = {Parikh, N.},
title = {{Proximal operators}},
howpublished = {https://github.com/cvxgrp/proximal},
}

@article{nesterov2008advance,
  title={How to advance in structural convex optimization},
  author={Nesterov, Yurii},
  journal={OPTIMA: Mathematical Programming Society Newsletter},
  volume={78},
  pages={2--5},
  year={2008}
}

@article{devolder2012double,
  title={Double smoothing technique for large-scale linearly constrained convex optimization},
  author={Devolder, Olivier and Glineur, Fran{\c{c}}ois and Nesterov, Yurii},
  journal={SIAM Journal on Optimization},
  volume={22},
  number={2},
  pages={702--727},
  year={2012},
  publisher={Society for Industrial and Applied Mathematics}
}

  












