@book{KB:86,
  title={The \TeX book},
  author={D. E. Knuth and D. Bibby},
  year={1986},
  publisher={Addison-Wesley: Reading, MA}
}

@book{Lam:94,
  title={\LaTeX: A Document Preparation System},
  author={L. Lamport},
  year={1994},
  edition={second},
  publisher={Addison-Wesley}
}

@book{Bri:12,
  title={The Elements of Typographic Style},
  author={R. Bringhurst},
  year={2012},
  edition={fourth},
  publisher={Hartley \& Marks: Vancouver, BC}
}
